
@STRING{ora = {O'Reilly \&~Associates} }
@STRING{wiley = {John Wiley \&~Sons} }

@Book{        geometria,
  author    = {M. de Berg and M. von Kreveld and M. Overmars and O. Schwarzkopf},
  title     = "Geometria obliczeniowa. Algorytmy i zastosowania",
  publisher = "WMT",
  year      = "2007"
}

@Book{        fizyka,
  author    = {David M. Bourg},
  title     = "Physics for Game Developers",
  publisher = ora,
  year      = "2001"
}

@Book{        plyny,
  author    = {Bruce R. Munson},
  title     = "Fundamentals of Fluid Mechanics",
  publisher = wiley,
  year      = "2005"
}